@misc{eigvalueBound,
title={Bound on eigenvalues of sum of matrices},
url={https://sharmaeklavya2.github.io/theoremdep/nodes/linear-algebra/eigenvectors/sum.html},
journal={Bound on eigenvalues of sum of matrices - TheoremDep}}